@Book{diestel,
author="Reinhard Diestel",
title="Graphentheorie",
year="2000"
}
